@book{sampleref,
    title = {{LaTeX: A Lovely Typesetting Language}},
    year = {2019},
    author = {Lots of Coffee and Caffiene},
    publisher = {No One Publishing House of Bravos}
}
